@misc{imagem1,
  title={Programação por computador: +500 livros gratuitos},
  author={EDITORIAL},
  url={https://sindacato-networkers.it/},
  year=2017,
  publisher={Coordinamento NetWorkers},
}
@manual{Site1,
  title={Informática Teórica},
  author={Contribuidores da wiki CInWiki},
  url={https://cin.ufpe.br/~pet/wiki/Informática_Teórica},
  year=Data da última revisão: 1 novembro 2017 16h12min UTC,
  note ={Online; accessado em 7/10/2020},
}
@manual{Site2,(IF689)},
  author={CIn-UFPE},
  url={https://www.cin.ufpe.br/~if689ec/},
  publisher={Site da disciplina}